@online{module,
  author = {Edinburgh Napier University},
  title = {{Artificial Intelligence SET09122 }},
  year = 2018,
  url = {https://moodle.napier.ac.uk/course/view.php?id=28475},
  urldate = {2018-10-20}
}
@article{admissible,
    author = {Rina Dechte, Pearl Judea},
    title = {Generalized best-first search strategies and the optimality of A*},
    journal = {Journal of the ACM.},
    issue_date = {1985}
} 
